%% This BibTeX bibliography file was created using BibDesk.
%% http://bibdesk.sourceforge.net/


%% Created for James A. Jones at 2011-02-01 20:32:15 -0800 


%% Saved with string encoding Unicode (UTF-8) 

@article{do-ese05,
   author = {Do, Hyunsook and Elbaum, Sebastian and Rothermel, Gregg},
   title = {Supporting Controlled Experimentation with Testing Techniques: An Infrastructure and its Potential Impact},
   journal = {Empirical Software Engineering},
   pages = {405-435},
   volume = {10},
   issue = {4},
   year = {2005}
}

@techreport{denmat05c,
	Author = {T. Denmat and M. Ducass\'{e} and O. Ridoux},
	Institution = {INRIA},
	Month = {August},
	Note = {Also Publication Interne IRISA PI-1743},
	Number = {RR-5661},
	Title = {Data Mining and Cross-checking of Execution Traces. {A} re-interpretation of {Jones}, {Harrold} and {Stasko} test information visualization ({Long} version)},
	Type = {Research Report},
	Url = {http://www.inria.fr/rrrt/rr-5661.html},
	Year = {2005},
	Bdsk-Url-1 = {http://www.inria.fr/rrrt/rr-5661.html}}

@inproceedings{wang09,
 author = {Wang, Xinming and Cheung, S. C. and Chan, W. K. and Zhang, Zhenyu},
 title = {Taming coincidental correctness: Coverage refinement with context patterns to improve fault localization},
 booktitle = {Proceedings of the 31st International Conference on Software Engineering},
 series = {ICSE '09},
 year = {2009},
 isbn = {978-1-4244-3453-4},
 pages = {45--55},
 numpages = {11},
 url = {},
 doi = {},
 acmid = {},
 publisher = {IEEE Computer Society},
 address = {Washington, DC, USA},
} 

@article{fruchterman1991graph,
  title={Graph drawing by force-directed placement},
  author={Fruchterman, Thomas MJ and Reingold, Edward M},
  journal={Software: Practice and experience},
  volume={21},
  number={11},
  pages={1129--1164},
  year={1991},
  publisher={Wiley Online Library}
}

@inproceedings{dutot2007graphstream,
  title={Graphstream: A tool for bridging the gap between complex systems and dynamic graphs},
  author={Dutot, Antoine and Guinand, Fr{\'e}d{\'e}ric and Olivier, Damien and Pign{\'e}, Yoann},
  booktitle={Emergent Properties in Natural and Artificial Complex Systems. Satellite Conference within the 4th European Conference on Complex Systems (ECCS'2007)},
  year={2007}
}



@BOOK{bohner96,
 author = {Bohner, S.A. and R. S. Arnold},
 editor = {},
 title = {Software Change Impact Analysis},
 publisher = {IEEE Computer Society Press},
 year = {1996},
}

@article{bostock2011d3,
  title={D$^3$ data-driven documents},
  author={Bostock, Michael and Ogievetsky, Vadim and Heer, Jeffrey},
  journal={Visualization and Computer Graphics, IEEE Transactions on},
  volume={17},
  number={12},
  pages={2301--2309},
  year={2011},
  publisher={IEEE}
}

@article{ren04,
 author = {Ren, Xiaoxia and Shah, Fenil and Tip, Frank and Ryder, Barbara G. and Chesley, Ophelia},
 title = {Chianti: a tool for change impact analysis of replay programs},
 journal = {SIGPLAN Not.},
 issue_date = {},
 volume = {},
 number = {},
 month = {},
 year = {2004},
 issn = {},
 pages = {},
 numpages = {},
 url = {},
 doi = {},
 acmid = {},
 publisher = {},
 address = {},
 keywords = {},
} 


@inproceedings{law03,
 author = {Law, James and Rothermel, Gregg},
 title = {Whole program Path-Based dynamic impact analysis},
 booktitle = {Proceedings of the 25th International Conference on Software Engineering},
 series = {ICSE '03},
 year = {2003},
 isbn = {},
 location = {},
 pages = {},
 numpages = {},
 url = {},
 acmid = {},
 publisher = {},
 address = {},
} 

@BOOK{sommerville01,
 author = {Sommerville, Ian},
 editor = {},
 title = {Software Engineering},
 publisher = {Addison-Wesley},
 year = {2001},
}

@BOOK{ambler02,
 author = {Ambler, Scott},
 editor = {},
 title = {Agile Modeling: Effective Practices for Extreme Programming and the
Unified Process},
 publisher = {John Wiley and Sons},
 year = {2002},
}



@inproceedings{kilpinen08,
 author = {Kilpinen, Malia},
 title = {The Emergence of Change at the SYstems Engineering and Software Design Interface - An Investigation of Impact Analysis},
 booktitle = {PhD thesis},
 series = {Cambridge University, Engineering Department},
 year = {2008},
 isbn = {},
 pages = {},
 numpages = {},
 url = {},
 doi = {},
 acmid = {},
 publisher = {},
 address = {},
} 



@inproceedings{artzi10,
 author = {Artzi, Shay and Dolby, Julian and Tip, Frank and Pistoia, Marco},
 title = {Directed test generation for effective fault localization},
 booktitle = {Proceedings of the 19th international symposium on Software testing and analysis},
 series = {},
 year = {2010},
 isbn = {978-1-60558-823-0},
 location = {Trento, Italy},
 pages = {},
 numpages = {12},
 url = {},
 doi = {},
 acmid = {},
 publisher = {},
 address = {},
 keywords = {automated testing, concolic testing, testing web applications},
} 


@inproceedings{bettenburg08,
 author = {Bettenburg, Nicolas and Just, Sascha and Schr\"{o}ter, Adrian and Weiss, Cathrin and Premraj, Rahul and Zimmermann, Thomas},
 title = {What makes a good bug report?},
 booktitle = {Proceedings of the International Symposium on Foundations of software engineering},
 series = {SIGSOFT '08/FSE-16},
 year = {2008},
 isbn = {978-1-59593-995-1},
 location = {Atlanta, Georgia},
 pages = {308--318},
 numpages = {11},
 url = {http://doi.acm.org/10.1145/1453101.1453146},
 doi = {http://doi.acm.org/10.1145/1453101.1453146},
 acmid = {1453146},
 publisher = {ACM},
 address = {New York, NY, USA},
} 



@article{santelices10,
author = {Raul Santelices and Mary Jean Harrold and Alessandro Orso},
title = {Precisely Detecting Runtime Change Interactions for Evolving Software},
journal ={Software Testing, Verification, and Validation, 2008 International Conference on},
volume = {0},
isbn = {978-0-7695-3990-4},
year = {2010},
pages = {429-438},
doi = {http://doi.ieeecomputersociety.org/10.1109/ICST.2010.29},
publisher = {IEEE Computer Society},
address = {Los Alamitos, CA, USA},
}

@InProceedings{andrzejewski07,
  author =	 {David Andrzejewski and Anne Mulhern and Ben Liblit
                  and Xiaojin Zhu},
  title =	 {Statistical Debugging Using Latent Topic Models},
  booktitle =	 {European Conference on Machine Learning},
  address =	 {Warsaw, Poland},
  pages = "17--21",
  year =	 {2007}
}

@ARTICLE{baah10, 
author={Baah, G.K. and Podgurski, A. and Harrold, M.J.}, 
journal={Software Engineering, IEEE Transactions on}, 
title={The Probabilistic Program Dependence Graph and Its Application to Fault Diagnosis}, 
pages={}, 
year={2010}, 
volume={}, 
}

@article{lukins10,
 author = {Lukins, Stacy K. and Kraft, Nicholas A. and Etzkorn, Letha H.},
 title = {Bug localization using latent Dirichlet allocation},
 journal = {Inf. Softw. Technol.},
 volume = {52},
 issue = {9},
 pages = {972--990},
 year = {2010}
} 

@article{zhao06,
 author = {Zhao, Wei and Zhang, Lu and Liu, Yin and Sun, Jiasu and Yang, Fuqing},
 title = {SNIAFL: Towards a static noninteractive approach to feature location},
 journal = {ACM Trans. Softw. Eng. Methodol.},
 volume = {15},
 issue = {2},
 pages = {195--226},
 year = {2006}
} 

@inproceedings{biggerstaff93,
 author = {Biggerstaff, Ted J. and Mitbander, Bharat G. and Webster, Dallas},
 title = {The concept assignment problem in program understanding},
 booktitle = {International Conference on Software Engineering},
 pages = {482--498},
 year = {1993}
} 

@article{jia09,
title = "Higher Order Mutation Testing",
journal = "Information and Software Technology",
volume = "51",
number = "10",
pages = "1379 - 1393",
year = "2009",
note = "Source Code Analysis and Manipulation, SCAM 2008",
issn = "0950-5849",
doi = "DOI: 10.1016/j.infsof.2009.04.016",
url = "http://www.sciencedirect.com/science/article/pii/S0950584909000688",
author = "Yue Jia and Mark Harman",
keywords = "Mutation Testing",
keywords = "Higher order mutant",
keywords = "Search techniques"
}

@article{papadakis10,
author = {Mike Papadakis and Nicos Malevris},
title = {An Empirical Evaluation of the First and Second Order Mutation Testing Strategies},
journal ={Software Testing Verification and Validation Workshop, IEEE International Conference on},
volume = {0},
isbn = {978-0-7695-4050-4},
year = {2010},
pages = {90-99},
doi = {http://doi.ieeecomputersociety.org/10.1109/ICSTW.2010.50},
publisher = {IEEE Computer Society},
address = {Los Alamitos, CA, USA},
}

@inproceedings{digiuseppe11july,
 author = {DiGiuseppe, Nicholas and Jones, James A.},
 title = {On the Influence of Multiple Faults on Coverage-Based Fault Localization},
 booktitle = {Proceedings of International Symposium on Software Testing and Analysis},
 pages = {},
 year = {2011}
}

@inproceedings{digiuseppe11sept,
	author = {Nicholas Di{G}iuseppe and James A. Jones},
	title = {Fault Interaction and its Repercussions},
	booktitle = {Proceedings of the International Conference on Software Maintenance},
	pages = {},
	year = {2011}
}


@inproceedings{digiuseppe12apr,
	author = {Nicholas Di{G}iuseppe and James A. Jones},
	title = {Software Behavior and Failure Clustering:An Empirical Study of Fault Causality},
	booktitle = {Proceedings of the International Conference on Software Testing},
	pages = {to appear},
	year = {2011}
}


@inproceedings{digiuseppe12novSFD,
 author = {DiGiuseppe, Nicholas and Jones, James A.},
 title = {Semantic Fault Diagnosis: Automatic Natural-Language Fault Descriptions},
 booktitle = {International Symposium on Foundations of Software Engineering},
 year = {2012}
}

@article{agrawal90,
 author = {Agrawal, Hiralal and Horgan, Joseph R.},
 title = {Dynamic program slicing},
 journal = {SIGPLAN Not.},
 issue_date = {Jun. 1990},
 volume = {25},
 number = {6},
 month = jun,
 year = {1990},
 issn = {0362-1340},
 pages = {246--256},
 numpages = {11},
 url = {},
 doi = {},
 acmid = {},
 publisher = {ACM},
 address = {New York, NY, USA},
} 


@inproceedings{ deng11nov, 
author = "Fang Deng and James A. Jones",
title = "Inferred Dependence Coverage to Support Fault Contextualization",
booktitle = "Proceedings of International Conference on Automated Software Engineering",
year = "2011",
month = "November",
pages = "512--515"
}

@inproceedings{deng11sep,
 author = {Fang Deng and DiGiuseppe, Nicholas and Jones, James A.},
 title = {Constellation Visualization: Augmenting Program Dependence with Dynamic Information},
 booktitle = {Proceedings of International Workshop on Visualizing Software for Understanding and Analysis},
 year = {2011},
 pages = {1--8}
} 

@inproceedings{deng11sepabridged,
 author = {Fang Deng and DiGiuseppe, Nicholas and Jones, James A.},
 title = {Constellation Visualization: Augmenting Program Dependence with Dynamic Information},
 booktitle = {International Workshop on Visualizing Software for Understanding and Analysis},
 year = {2011},
 pages = {1--8}
} 

@inproceedings{ deng12apr, 
author = "Fang Deng and James A. Jones",
title = "Weighted System Dependence Graph",
booktitle = "International Conference on Software Testing, Verification, and Validation",
year = "2012",
}


@ARTICLE{rothermel98, 
author={Rothermel, G. and Harrold, M.J.}, 
journal={Software Engineering, IEEE Transactions on}, title={Empirical studies of a safe regression test selection technique}, 
year={1998}, 
month={jun}, 
volume={24}, 
number={6}, 
pages={401 -419}, 
keywords={empirical validation;safe regression test selection technique;selective retest;software maintenance;test suite design;program testing;software maintenance;statistical analysis;}, 
doi={10.1109/32.689399}, 
ISSN={0098-5589},}

@ARTICLE{rothermel96, 
author={Rothermel, G. and Harrold, M.J.}, 
journal={Software Engineering, IEEE Transactions on}, title={Analyzing regression test selection techniques}, 
year={1996}, 
month={aug}, 
volume={22}, 
number={8}, 
pages={529 -551}, 
keywords={framework;program test reuse;regression test selection techniques;selective retest;software maintenance;test suite;program debugging;program testing;software maintenance;software reusability;statistical analysis;}, 
doi={10.1109/32.536955}, 
ISSN={0098-5589},}

@INPROCEEDINGS{boogerd08, 
author={Boogerd, C. and Moonen, L.}, 
booktitle={Software Maintenance, 2008. ICSM 2008. IEEE International Conference on}, title={Assessing the value of coding standards: An empirical study}, 
year={2008}, 
month={28 2008-oct. 4}, 
volume={}, 
number={}, 
pages={277 -286}, 
keywords={coding standards;fault reduction;software faults;software fault tolerance;software quality;}, 
doi={10.1109/ICSM.2008.4658076}, 
ISSN={1063-6773},}


@inproceedings{agrawal95,
	Author = {Agrawal, H. and Horgan, J.R. and London, S. and Wong, W.E.},
	Booktitle = {Proceedings of IEEE Software Reliability Engineering},
	Pages = {143--151},
	Title = {Fault Localization Using Execution Slices and Dataflow Tests},
	Year = {1995}}



@article{korel88,
 author = {Korel, B. and Laski, J.},
 title = {Dynamic program slicing},
 journal = {Inf. Process. Lett.},
 volume = {29},
 issue = {3},
 month = {October},
 year = {1988},
 issn = {0020-0190},
 pages = {155--163},
 numpages = {9},
 url = {http://portal.acm.org/citation.cfm?id=56378.56386},
 doi = {10.1016/0020-0190(88)90054-3},
 acmid = {56386},
 publisher = {Elsevier North-Holland, Inc.},
 address = {Amsterdam, The Netherlands, The Netherlands},
} 

@inproceedings{vinz06,
 author = {Vinz, Bradley L. and Etzkorn, Letha H.},
 title = {A Synergistic Approach to Program Comprehension},
 booktitle = {Proceedings of  International Conference on Program Comprehension},
 year = {2006},
 pages = {69--73}
} 

@article{vinz08,
 author = {Vinz, Bradley L. and Etzkorn, Letha H.},
 title = {Improving program comprehension by combining code understanding with comment understanding},
 journal = {Knowledge-Based Systems},
 volume = {21},
 issue = {8},
 month = {December},
 year = {2008},
 issn = {0950-7051},
 pages = {813--825},
 numpages = {13}} 


@article{letha01,
title = "The language of comments in computer software: A sublanguage of English",
author = "Letha H. Etzkorn and Carl G. Davis and Lisa L. Bowen",
journal = "Journal of Pragmatics",
volume = "33",
number = "11",
pages = "1731-1756",
year = "2001"
}



@inproceedings{jones02,
	Author = {Jones, James A. and Harrold, M. J. and Stasko, John},
	Booktitle = {Proceedings of the International Conference on Software Engineering},
	Pages = {},
	Title = {Visualization of Test Information to Assist Fault Localization},
	Year = {2002}
}

@inproceedings{jones07,
	Address = {New York, NY, USA},
	Author = {Jones, James A. and Bowring, James F. and Harrold, Mary Jean},
	Booktitle = {ISSTA '07: Proceedings of the 2007 international symposium on Software testing and analysis},
	Doi = {http://doi.acm.org/10.1145/1273463.1273468},
	Isbn = {978-1-59593-734-6},
	Location = {London, United Kingdom},
	Pages = {16--26},
	Publisher = {ACM},
	Title = {Debugging in Parallel},
	Year = {2007},
	Bdsk-Url-1 = {http://doi.acm.org/10.1145/1273463.1273468}}

@article{jones04,
  title={Gammatella: Visualizing program-execution data for deployed software},
  author={Jones, James A and Orso, Alessandro and Harrold, Mary Jean},
  journal={Information Visualization},
  volume={3},
  number={3},
  pages={173--188},
  year={2004},
  publisher={SAGE Publications}
}

@article{bowring04,
 author = {Bowring, James F. and Rehg, James M. and Harrold, Mary Jean},
 title = {Active learning for automatic classification of software behavior},
 journal = {SIGSOFT Softw. Eng. Notes},
 volume = {29},
 issue = {4},
 month = {July},
 year = {2004},
 issn = {0163-5948},
 pages = {195--205},
 numpages = {11},
 url = {},
 doi = {},
 acmid = {1007539},
 publisher = {ACM},
 address = {New York, NY, USA},
 keywords = {Markov models, machine learning, software behavior, software testing},
} 

@inproceedings{robillard02,
 author = {Robillard, Martin P. and Murphy, Gail C.},
 title = {Concern graphs: finding and describing concerns using structural program dependencies},
 booktitle = {Proceedings of the 24th International Conference on Software Engineering},
 series = {ICSE '02},
 year = {2002},
 isbn = {1-58113-472-X},
 location = {Orlando, Florida},
 pages = {406--416},
 numpages = {11},
 url = {},
 doi = {},
 acmid = {},
 publisher = {},
 address = {New York, NY, USA},
} 

@book{seacord03,
 author = {seacord, Robert C. and Plakosh, Daniel and Lewis, Grace A.},
 title = {Modernizing Legacy Systems: Software Technologies, Engineering Process and Business Practices},
 year = {2003},
 isbn = {},
 publisher = {Addison-Wesley Longman Publishing Co., Inc.},
 address = {Boston, MA, USA},
} 


@inproceedings{babenko09,
 author = {Babenko, Anton and Mariani, Leonardo and Pastore, Fabrizio},
 title = {AVA: automated interpretation of dynamically detected anomalies},
 booktitle = {Proceedings of International Symposium on Software Testing and Analysis},
 year = {2009},
 pages = {237--248},
} 


@inproceedings{sayyad97,
 author = {Sayyad-Shirabad, Jelber and Lethbridge, Timothy C. and Lyon, Steve},
 title = {A Little Knowledge Can Go a Long Way Towards Program Understanding},
 booktitle = {Proceedings of the 5th International Workshop on Program Comprehension},
 year = {1997},
 isbn = {0-8186-7993-X},
 pages = {},
 url = {},
 acmid = {837865},
 publisher = {},
 address = {},
} 

@inproceedings{hill09,
 author = {Hill, Emily and Pollock, Lori and Vijay-Shanker, K.},
 title = {Automatically capturing source code context of NL-queries for software maintenance and reuse},
 booktitle = {Proceedings of International Conference on Software Engineering},
 pages = {232--242},
 year = {2009}
 } 

@article{furnas87,
 author = {Furnas, G. W. and Landauer, T. K. and Gomez, L. M. and Dumais, S. T.},
 title = {The vocabulary problem in human-system communication},
 journal = {Commun. ACM},
 volume = {30},
 issue = {11},
 pages = {964--971},
 year = {1987}
} 

@inproceedings{copeck04,
 author = {Copeck, T. and Szpakowicz, S.},
 title = {Vocabulary Agreement Among Model Summaries And Source Documents},
 journal = {Proceedings of Document Understanding Conference},
 year = {2004}
 } 

@inproceedings{marcus05,
 author = {Marcus, Andrian and Rajlich, Vaclav},
 title = {Identifications of Concepts, Features, and Concerns in Source Code},
 booktitle = {Proceedings of International Conference on Software Maintenance},
 year = {2005},
 pages = {718-718}
 } 

@inproceedings{parnin11,
 author = {Parnin, Chris and Orso, Alessandro},
 title = {Are automated debugging techniques actually helping programmers?},
 booktitle = {Proceedings of International Symposium on Software Testing and Analysis},
 year = {2011},
 pages = {199--209},
} 


@inproceedings{shepherd07,
 author = {Shepherd, David and Fry, Zachary P. and Hill, Emily and Pollock, Lori and Vijay-Shanker, K.},
 title = {Using natural language program analysis to locate and understand action-oriented concerns},
 booktitle = {Proceedings of International Conference on Aspect-Oriented Software Development},
 pages = {212--224},
 year = {2007}
} 


@inproceedings{maletic01,
 author = {Maletic, Jonathan I. and Marcus, Andrian},
 title = {Supporting program comprehension using semantic and structural information},
 booktitle = {Proceedings of International Conference on Software Engineering},
 pages = {},
 year = {2001}
} 

@inproceedings{maletic02,
 author = {Maletic, Jonathan I. and Marcus, Andrian and Collard, Michael L.},
 title = {A Task Oriented View of Software Visualization},
 booktitle = {Proceedings of the 1st International Workshop on Visualizing Software for Understanding and Analysis},
 series = {VISSOFT '02},
 year = {2002},
 isbn = {0-7695-1662-9},
 pages = {32--},
 url = {http://dl.acm.org/citation.cfm?id=832270.833803},
 acmid = {833803},
 publisher = {IEEE Computer Society},
 address = {Washington, DC, USA},
} 

@inproceedings{maletic02abridged,
 author = {Maletic, Jonathan I. and Marcus, Andrian and Collard, Michael L.},
 title = {A Task Oriented View of Software Visualization},
 booktitle = {International Workshop on Visualizing Software for Understanding and Analysis},
 year = {2002},
 pages = {32--40},
} 

@article{ohba05,
 author = {Ohba, Masaru and Gondow, Katsuhiko},
 title = {Toward mining concept keywords from identifiers in large software projects},
 journal = {SIGSOFT Softw. Eng. Notes},
 volume = {30},
 issue = {4},
 year = {2005},
 pages = {1--5}
} 


@INPROCEEDINGS{revelle09, 
author={Revelle, M. and Poshyvanyk, D.}, 
booktitle={International Conference on Program Comprehension}, title={An exploratory study on assessing feature location techniques}, 
year={2009}, 
pages={218-222}
}


@article{erlikh00,
author={Erlikh, Len}, 
journal={IT Professional}, title={Leveraging legacy system dollars for e-business}, 
year={2000}, 
volume={2}, 
number={3}, 
keywords={}, 
doi={}, 
ISSN={},
}


@INPROCEEDINGS{dit11, 
author={Dit, B. and Guerrouj, L. and Poshyvanyk, D. and Antoniol, G.}, 
booktitle={International Conference on Program Comprehension}, 
title={Can Better Identifier Splitting Techniques Help Feature Location?}, 
year={2011}, 
month={june}, 
volume={}, 
number={}, 
pages={11 -20}
}

@article {dit11survey,
author = {Dit, Bogdan and Revelle, Meghan and Gethers, Malcom and Poshyvanyk, Denys},
title = {Feature location in source code: a taxonomy and survey},
journal = {Journal of Software Maintenance and Evolution: Research and Practice},
publisher = {John Wiley & Sons, Ltd},
issn = {1532-0618},
url = {http://dx.doi.org/10.1002/smr.567},
doi = {10.1002/smr.567},
keywords = {Feature location, concept location, program comprehension, software maintenance and evolution},
year = {2011},
}


@article{poshyvanyk09,
 author = {Poshyvanyk, Denys and Marcus, Andrian and Ferenc, Rudolf and Gyim\'{o}thy, Tibor},
 title = {Using information retrieval based coupling measures for impact analysis},
 journal = {Empirical Softw. Engg.},
 issue_date = {February  2009},
 volume = {14},
 number = {1},
 month = feb,
 year = {2009},
 issn = {1382-3256},
 pages = {5--32},
 numpages = {28},
 url = {http://dx.doi.org/10.1007/s10664-008-9088-2},
 doi = {10.1007/s10664-008-9088-2},
 acmid = {1487439},
 publisher = {Kluwer Academic Publishers},
 address = {Hingham, MA, USA},
 keywords = {Change prediction, Coupling measurement, Impact analysis, Information retrieval, Latent semantic indexing},
} 

@inproceedings{gethers12,
 author = {Gethers, Malcom and Dit, Bogdan and Kagdi, Huzefa and Poshyvanyk, Denys},
 title = {Integrated impact analysis for managing software changes},
 booktitle = {Proceedings of the 2012 International Conference on Software Engineering},
 series = {ICSE 2012},
 year = {2012},
 isbn = {978-1-4673-1067-3},
 location = {Zurich, Switzerland},
 pages = {430--440},
 numpages = {11},
 url = {http://dl.acm.org/citation.cfm?id=2337223.2337274},
 acmid = {2337274},
 publisher = {IEEE Press},
 address = {Piscataway, NJ, USA},
} 




@article{zimmermann05,
    title = "Mining Version Histories to Guide Software Changes",
    author = "Thomas Zimmermann and Peter Weißgerber and Stephan Diehl and Andreas Zeller",
    year = "2005",
    month = "June",
    journal = "IEEE Transactions on Software Engineering",
    number = "",
    pages = "",
    volume = "",
}


@inproceedings{george04,
	Author = {Boby George, and Shawn Bohner and Ruben Prieto-Diaz},
	Booktitle = {International Conference on Engineering of Complex Computer Systems},
	Title = {Software Information Leaks: A Complexity Perspective},
	Year = {2004}}


@inproceedings{zheng06,
	Acmid = {1143983},
	Address = {New York, NY, USA},
	Author = {Zheng, Alice X. and Jordan, Michael I. and Liblit, Ben and Naik, Mayur and Aiken, Alex},
	Booktitle = {Proceedings of the 23rd international conference on Machine learning},
	Doi = {http://doi.acm.org/10.1145/1143844.1143983},
	Isbn = {1-59593-383-2},
	Location = {Pittsburgh, Pennsylvania},
	Numpages = {8},
	Pages = {1105--1112},
	Publisher = {ACM},
	Series = {ICML '06},
	Title = {Statistical debugging: simultaneous identification of multiple bugs},
	Url = {},
	Year = {2006}}

@article{collofello89,
 author = {Collofello, James S. and Woodfield, Scott N.},
 title = {Evaluating the effectiveness of reliability-assurance techniques},
 journal = {J. Syst. Softw.},
 volume = {9},
 issue = {3},
 month = {March},
 year = {1989},
 issn = {0164-1212},
 pages = {191--195},
 numpages = {5},
 url = {http://dx.doi.org/10.1016/0164-1212(89)90039-3},
 doi = {http://dx.doi.org/10.1016/0164-1212(89)90039-3},
 acmid = {63669},
 publisher = {Elsevier Science Inc.},
 address = {New York, NY, USA},} 

﻿@article {masri10,
author = {Masri, Wes},
title = {Fault localization based on information flow coverage},
journal = {Software Testing, Verification and Reliability},
volume = {20},
number = {2},
year = {2010},
pages = {121--147}
}

@inproceedings{chilimbi09,
 author = {Chilimbi, Trishul M. and Liblit, Ben and Mehra, Krishna and Nori, Aditya V. and Vaswani, Kapil},
 title = {HOLMES: Effective statistical debugging via efficient path profiling},
 booktitle = {Proceedings of the International Conference on Software Engineering},
 year = {2009},
 pages = {34--44}
} 

@inproceedings{jiang07,
 author = {Jiang, Lingxiao and Su, Zhendong},
 title = {Context-aware statistical debugging: from bug predictors to faulty control flow paths},
 booktitle = {Proceedings of International Conference on Automated Software Engineering},
 year = {2007},
 pages = {184--193}
} 

@inproceedings{hsu08,
 author = {Hwa-You Hsu and  J. A. Jones and A. Orso},
 title = {{R}{A}{P}{I}{D}: Identifying Bug Signatures to Support Debugging Activities},
 booktitle = {Proceedings of International Conference on Automated Software Engineering},
 year = {2008}
} 


@inproceedings{srivastav10,
	Author = {Srivastav, M. and Singh, Y. and Gupta, C. and Chauhan, D.S.},
	Booktitle = {Computer Research and Development, 2010 Second International Conference on},
	Doi = {10.1109/ICCRD.2010.14},
	Keywords = {complexity estimation approach;faulty program slices;faulty program slices complexity;parallel debugging;software faults;program debugging;program slicing;software metrics;},
	Month = may,
	Pages = {223 -227},
	Title = {Complexity Estimation Approach for Debugging in Parallel},
	Year = {2010},
	Bdsk-Url-1 = {http://dx.doi.org/10.1109/ICCRD.2010.14}}

@article{vessey85,
	Author = {Vessey, I.},
	Journal = {International Journal of Man-Machine Studies: {A} process analysis},
	Number = {5},
	Pages = {459--494},
	Title = {Expertise in debugging computer programs},
	Volume = {23},
	Year = {1985}}

@inproceedings{abreu07sep,
	Author = {Rui Abreu and Peter Zoeteweij and Arjan J. C. van Gemund},
	Booktitle = {Testing: Academic and Industrial Conference, Practice and Research Techniques},
	Title = {On the Accuracy of Spectrum-based Fault Localization},
	Year = {2007}
}

@article{offutt96,
	Acmid = {227610},
	Address = {New York, NY, USA},
	Author = {Offutt, A. Jefferson and Lee, Ammei and Rothermel, Gregg and Untch, Roland H. and Zapf, Christian},
	Doi = {http://doi.acm.org/10.1145/227607.227610},
	Issn = {1049-331X},
	Issue = {2},
	Journal = {ACM Trans. Softw. Eng. Methodol.},
	Month = {April},
	Numpages = {20},
	Pages = {99--118},
	Publisher = {ACM},
	Title = {An experimental determination of sufficient mutant operators},
	Url = {http://doi.acm.org/10.1145/227607.227610},
	Volume = {5},
	Year = {1996},
	Bdsk-Url-1 = {http://doi.acm.org/10.1145/227607.227610}}

@inproceedings{nainar10,
	Acmid = {1806839},
	Address = {New York, NY, USA},
	Author = {Arumuga Nainar, Piramanayagam and Liblit, Ben},
	Booktitle = {Proceedings of the 32nd ACM/IEEE International Conference on Software Engineering - Volume 1},
	Doi = {http://doi.acm.org/10.1145/1806799.1806839},
	Isbn = {978-1-60558-719-6},
	Keywords = {binary instrumentation, control-dependence graphs, dynamic feedback, dyninst, heuristic search, statistical debugging},
	Location = {Cape Town, South Africa},
	Numpages = {10},
	Pages = {255--264},
	Publisher = {ACM},
	Series = {ICSE '10},
	Title = {Adaptive bug isolation},
	Url = {http://doi.acm.org/10.1145/1806799.1806839},
	Year = {2010},
	Bdsk-Url-1 = {http://doi.acm.org/10.1145/1806799.1806839}}

@inproceedings{weiser81,
 author = {Weiser, Mark},
 title = {Program slicing},
 booktitle = {Proceedings of the 5th international conference on Software engineering},
 series = {ICSE '81},
 year = {1981},
 isbn = {0-89791-146-6},
 location = {San Diego, California, United States},
 pages = {439--449},
 numpages = {11},
 url = {http://portal.acm.org/citation.cfm?id=800078.802557},
 acmid = {802557},
 publisher = {IEEE Press},
 address = {Piscataway, NJ, USA},
 keywords = {Data flow analysis, Debugging, Human factors, Program maintenance, Program metrics, Software tools},
} 

@inproceedings{do04,
	Acmid = {1021566},
	Address = {Washington, DC, USA},
	Author = {Do, Hyunsook and Elbaum, Sebastian and Rothermel, Gregg},
	Booktitle = {Proceedings of the 2004 International Symposium on Empirical Software Engineering},
	Doi = {10.1109/ISESE.2004.23},
	Isbn = {0-7695-2165-7},
	Numpages = {11},
	Pages = {60--70},
	Publisher = {IEEE Computer Society},
	Title = {Infrastructure Support for Controlled Experimentation with Software Testing and Regression Testing Techniques},
	Url = {},
	Year = {2004}}

@article{do05,
 author = {Do, Hyunsook and Elbaum, Sebastian and Rothermel, Gregg},
 title = {Supporting Controlled Experimentation with Testing Techniques: An Infrastructure and its Potential Impact},
 journal = {Empirical Softw. Engg.},
 issue_date = {},
 volume = {},
 number = {},
 month = {},
 year = {2005},
 issn = {},
 pages = {},
 numpages = {},
 url = {},
 doi = {},
 acmid = {},
 publisher = {},
 address = {},
 keywords = {},
} 


@inproceedings{debroy09,
	Acmid = {1682396},
	Address = {Washington, DC, USA},
	Author = {Debroy, Vidroha and Wong, W. Eric},
	Booktitle = {Proceedings of the 2009 20th International Symposium on Software Reliability Engineering},
	Doi = {http://dx.doi.org/10.1109/ISSRE.2009.14},
	Isbn = {978-0-7695-3878-5},
	Keywords = {multiple faults, fault interference, software testing, fault localization},
	Numpages = {10},
	Pages = {165--174},
	Publisher = {IEEE Computer Society},
	Series = {ISSRE '09},
	Title = {Insights on Fault Interference for Programs with Multiple Bugs},
	Url = {http://dx.doi.org/10.1109/ISSRE.2009.14},
	Year = {2009},
	Bdsk-Url-1 = {http://dx.doi.org/10.1109/ISSRE.2009.14}}

@inproceedings{liu06nov,
	Author = {Chao Liu and Jiawei Han},
	Booktitle = {Proceedings of the International Symposium on the Foundations of Software Engineering},
	Date-Added = {2007-10-15 14:25:22 -0400},
	Date-Modified = {2007-10-15 14:25:22 -0400},
	Month = {November},
	Pages = {286-295},
	Title = {Failure Proximity: A Fault Localization-Based Approach},
	Year = {2006}}

@article{rothermel04,
 author = {Rothermel, Gregg and Elbaum, Sebastian and Malishevsky, Alexey G. and Kallakuri, Praveen and Qiu, Xuemei},
 title = {On test suite composition and cost-effective regression testing},
 journal = {ACM Trans. Softw. Eng. Methodol.},
 volume = {13},
 issue = {3},
 month = {July},
 year = {2004},
 issn = {1049-331X},
 pages = {277--331},
 numpages = {55},
 url = {http://doi.acm.org/10.1145/1027092.1027093},
 doi = {http://doi.acm.org/10.1145/1027092.1027093},
 acmid = {1027093},
 publisher = {ACM},
 address = {New York, NY, USA},
 keywords = {Empirical studies, regression testing, test suite composition},
}

@inproceedings{moser08,
 author = {Moser, Raimund and Pedrycz, Witold and Succi, Giancarlo},
 title = {A comparative analysis of the efficiency of change metrics and static code attributes for defect prediction},
 booktitle = {Proceedings of the 30th international conference on Software engineering},
 series = {ICSE '08},
 year = {2008},
 isbn = {978-1-60558-079-1},
 location = {Leipzig, Germany},
 pages = {181--190},
 numpages = {10},
 url = {http://doi.acm.org/10.1145/1368088.1368114},
 doi = {http://doi.acm.org/10.1145/1368088.1368114},
 acmid = {1368114},
 publisher = {ACM},
 address = {New York, NY, USA},
 keywords = {cost-sensitive classification, defect prediction, software metrics},
} 

@inproceedings{strecker08,
 author = {Strecker, Jaymie and Memon, Atif},
 title = {Relationships between Test Suites, Faults, and Fault Detection in GUI Testing},
 booktitle = {Proceedings of the 2008 International Conference on Software Testing, Verification, and Validation},
 year = {2008},
 isbn = {978-0-7695-3127-4},
 pages = {12--21},
 numpages = {10},
 url = {http://portal.acm.org/citation.cfm?id=1381305.1382063},
 doi = {10.1109/ICST.2008.26},
 acmid = {1382063},
 publisher = {IEEE Computer Society},
 address = {Washington, DC, USA},
} 


@inproceedings{yu08,
 author = {Yu, Yanbing and Jones, James A. and Harrold, Mary Jean},
 title = {An empirical study of the effects of test-suite reduction on fault localization},
 booktitle = {Proceedings of the 30th international conference on Software engineering},
 series = {ICSE '08},
 year = {2008},
 isbn = {978-1-60558-079-1},
 location = {Leipzig, Germany},
 pages = {201--210},
 numpages = {10},
 url = {http://doi.acm.org/10.1145/1368088.1368116},
 doi = {http://doi.acm.org/10.1145/1368088.1368116},
 acmid = {1368116},
 publisher = {ACM},
 address = {New York, NY, USA},
 keywords = {empirical study, fault localization, test-suite reduction},
} 

@inproceedings{qu08,
 author = {Qu, Xiao and Cohen, Myra B. and Rothermel, Gregg},
 title = {Configuration-aware regression testing: an empirical study of sampling and prioritization},
 booktitle = {Proceedings of the 2008 international symposium on Software testing and analysis},
 series = {ISSTA '08},
 year = {2008},
 isbn = {978-1-60558-050-0},
 location = {Seattle, WA, USA},
 pages = {75--86},
 numpages = {12},
 url = {http://doi.acm.org/10.1145/1390630.1390641},
 doi = {http://doi.acm.org/10.1145/1390630.1390641},
 acmid = {1390641},
 publisher = {ACM},
 address = {New York, NY, USA},
 keywords = {combinatorial interaction testing, configurable software, prioritization, regression testing},
}  

@inproceedings{do06,
 author = {Do, Hyunsook and Rothermel, Gregg},
 title = {An empirical study of regression testing techniques incorporating context and lifetime factors and improved cost-benefit models},
 booktitle = {Proceedings of the 14th ACM SIGSOFT international symposium on Foundations of software engineering},
 series = {SIGSOFT '06/FSE-14},
 year = {2006},
 isbn = {1-59593-468-5},
 location = {Portland, Oregon, USA},
 pages = {141--151},
 numpages = {11},
 url = {http://doi.acm.org/10.1145/1181775.1181793},
 doi = {http://doi.acm.org/10.1145/1181775.1181793},
 acmid = {1181793},
 publisher = {ACM},
 address = {New York, NY, USA},
 keywords = {economic models, empirical studies, evaluation schemes, regression test selection, tegression testing, test case prioritization},
} 

@inproceedings{podgurski03may,
	Author = {A. Podgurski and D. Leon and P. Francis and W. Masri and M. Minch and J. Sun and B. Wang},
	Booktitle = {Proceedings of the International Conference on Software Engineering},
	Date-Added = {2007-10-15 14:24:50 -0400},
	Date-Modified = {2007-10-15 14:24:50 -0400},
	Month = {May},
	Pages = {465--474},
	Title = {Automated support for classifying software failure reports},
	Year = {2003}}

@inproceedings{podgurski93,
 author = {Podgurski, Andy and Yang, Charles},
 title = {Partition testing, stratified sampling, and cluster analysis},
 booktitle = {Proceedings of the 1st ACM SIGSOFT symposium on Foundations of software engineering},
 series = {SIGSOFT '93},
 year = {1993},
 isbn = {0-89791-625-5},
 location = {Los Angeles, California, United States},
 pages = {169--181},
 numpages = {13},
 url = {http://doi.acm.org/10.1145/256428.167076},
 doi = {http://doi.acm.org/10.1145/256428.167076},
 acmid = {167076},
 publisher = {ACM},
 address = {New York, NY, USA},
} 

@inproceedings{masri06,
 author = {Masri, Wes and Nahas, Nagi and Podgurski, Andy},
 title = {Memoized Forward Computation of Dynamic Slices},
 booktitle = {Proceedings of International Symposium on Software Reliability Engineering},
 year = {2006},
 pages = {23--32}
} 


@article{podgurski99,
 author = {Podgurski, Andy and Masri, Wassim and McCleese, Yolanda and Wolff, Francis G. and Yang, Charles},
 title = {Estimation of software reliability by stratified sampling},
 journal = {ACM Trans. Softw. Eng. Methodol.},
 volume = {8},
 issue = {3},
 month = {July},
 year = {1999},
 issn = {1049-331X},
 pages = {263--283},
 numpages = {21},
 url = {},
 doi = {},
 acmid = {310667},
 publisher = {ACM},
 address = {New York, NY, USA},
 keywords = {beta testing, cluster analysis, operational testing, software reliability, software testing, statistical testing, stratified sampling},
} 

@inproceedings{liblit05,
	Author = {Ben Liblit and Mayur Naik and Alice X. Zheng and Alex Aiken and Michael I. Jordan},
	Booktitle = {Proceedings of the Conference on Programming Language Design and Implementation},
	Title = {Scalable Statistical Bug Isolation},
	Year = {2005}
}

@inproceedings{liu05sep,
	Author = {C. Liu and X. Yan and L Fei and J. Han and S. P. Midkiff},
	Booktitle = {Proceedings of Foundations on Software Engineering},
	Pages = {286-295},
	Title = {{S}{O}{B}{E}{R}: statistical model-based bug localization},
	Year = {2005}
}

@inproceedings{yilmaz08,
	Author = {Yilmaz, Cemal and Paradkar, Amit and Williams, Clay},
	Booktitle = {Proceedings of  International Conference on Software Engineering},
	Pages = {81--90},
	Title = {Time will tell: fault localization using time spectra},
	Year = {2008}
}

@inproceedings{holger05,
	Address = {St. Louis, Missouri},
	Author = {Cleve, Holger and Zeller, Andreas},
	Booktitle = {Proceedings of the International Conference on Software Engineering},
	Date-Added = {2007-09-06 16:24:32 -0400},
	Date-Modified = {2007-09-06 16:24:32 -0400},
	Month = {May},
	Pages = {342-351},
	Title = {Locating Causes of Program Failures},
	Year = {2005}}


@article{kuhn07,
 author = {Kuhn, Adrian and Ducasse, St\'{e}phane and G\'{\i}rba, Tudor},
 title = {Semantic clustering: Identifying topics in source code},
 journal = {Inf. Softw. Technol.},
 volume = {49},
 issue = {3},
 pages = {230--243},
 year = {2007}
}

@article {kuhn10,
author = {Kuhn, Adrian and Erni, David and Loretan, Peter and Nierstrasz, Oscar},
title = {Software Cartography: thematic software visualization with consistent layout},
journal = {Journal of Software Maintenance and Evolution: Research and Practice},
volume = {22},
number = {3},
publisher = {John Wiley & Sons, Ltd.},
issn = {1532-0618},
url = {http://dx.doi.org/10.1002/smr.414},
doi = {10.1002/smr.414},
pages = {191--210},
keywords = {Software Cartography, software visualization, program comprehension, latent-semantic analysis, Multidimensional Scaling, software evolution, spatial representations of code},
year = {2010},
} 

@article {kuhn10abridged,
author = {Kuhn, Adrian and Erni, David and Loretan, Peter and Nierstrasz, Oscar},
title = {Software Cartography: thematic software visualization with consistent layout},
journal = {Journal of Software Maintenance and Evolution: Research and Practice},
volume = {22},
number = {3},
pages = {191--210},
year = {2010},
} 

@inproceedings{jones05nov,
	Author = {J. A. Jones and M. J. Harrold},
	Booktitle = {Proceedings of the International Conference on Automated Software Engineering},
	Date-Added = {2007-09-06 16:42:38 -0400},
	Date-Modified = {2007-09-06 16:42:38 -0400},
	Month = {November},
	Pages = {273-282},
	Title = {Empirical evaluation of the Tarantula Automatic fault-localization technique},
	Year = {2005}}

@inproceedings{renieris03,
	Address = {Montreal, Quebec},
	Author = {Renieris, Manos and Reiss, Steven},
	Booktitle = {Proceedings of the International Conference on Automated Software Engineering},
	Date-Added = {2007-09-06 16:24:59 -0400},
	Date-Modified = {2007-09-06 16:24:59 -0400},
	Month = {October},
	Pages = {30-39},
	Title = {Fault Localization With Nearest Neighbor Queries},
	Year = {2003}}

@inproceedings{reiss03,
 author = {Reiss, Steven P.},
 title = {Visualizing {J}ava in action},
 booktitle = {Proceedings of the 2003 ACM symposium on Software visualization},
 series = {SoftVis '03},
 year = {2003},
 isbn = {1-58113-642-0},
 location = {San Diego, California},
 pages = {57--ff},
 url = {http://doi.acm.org/10.1145/774833.774842},
 doi = {10.1145/774833.774842},
 acmid = {774842},
 publisher = {ACM},
 address = {New York, NY, USA},
 keywords = {dynamic software visualization, instrumentation, run-time monitoring},
}

@inproceedings{reiss03abridged,
 author = {Reiss, Steven P.},
 title = {Visualizing {J}ava in Action},
 booktitle = {Symposium on Software Visualization},
 year = {2003},
 pages = {57--65},
}

@inproceedings {karran13,
author = {Benjamin Karran and Jonas Tr\"{u}mper and Jürgen D\"{o}llner}, 
title = {SyncTrace: Visual thread Interplay Analysis}, 
booktitle = {Proceedings of the 1st Working Conference on Software Visualization (VISSOFT)}, 
year = {2013}, 
publisher = {IEEE Computer Society}
}

@inproceedings {karran13abridged,
author = {Benjamin Karran and Jonas Tr\"{u}mper and Jürgen D\"{o}llner}, 
title = {SyncTrace: Visual thread Interplay Analysis}, 
booktitle = {Working Conference on Software Visualization}, 
year = {2013}, 
publisher = {IEEE Computer Society}
}

@inproceedings{trumper13,
author = { Jonas Tr\"{u}mper and Jürgen D\"{o}llner and Alexandru Telea },
title = { Multiscale Visual Comparison of Execution Traces },
booktitle = { International Conference on Program Comprehension },
year = { 2013 }
}


@inproceedings{maletic01,
 author = {Maletic, Jonathan I. and Marcus, Andrian},
 title = {Supporting program comprehension using semantic and structural information},
 booktitle = {Proceedings of International Conference on Software Engineering},
 pages = {103--112},
 year = {2001}
} 

@inproceedings{dickinson01may,
 author = {Dickinson, William and Leon, David and Podgurski, Andy},
 title = {Finding failures by cluster analysis of execution profiles},
 booktitle = {Proceedings of the International Conference on Software Engineering},
 series = {},
 year = {2001},
 isbn = {0-7695-1050-7},
 location = {a},
 pages = {},
 numpages = {10},
 url = {},
 acmid = {381509},
 publisher = {},
 address = {},
 keywords = {beta testing, cluster analysis, multidimensional scaling, observation-based testing, operational testing, software testing},
} 

@inproceedings{dickinson01sept,
 author = {Dickinson, William and Leon, David and Podgurski, Andy},
 title = {Pursuing failure: the distribution of program failures in a profile space},
 booktitle = {Proceedings of the International Symposium on Foundations of Software Engineering},
 series = {},
 year = {2001},
 isbn = {1-58113-390-1},
 location = {},
 pages = {},
 numpages = {10},
 url = {},
 doi = {},
 acmid = {503243},
 publisher = {},
 address = {},
 keywords = {adaptive sampling, cluster analysis, cluster filtering, failure-pursuit sampling, multivariate data analysis, observation-based testing, software testing},
} 



@ARTICLE{rothermel01, 
author={Rothermel, G. and Untch, R.H. and Chengyun Chu and Harrold, M.J.}, 
journal={Software Engineering, IEEE Transactions on}, title={Prioritizing test cases for regression testing}, 
year={2001}, 
month={oct}, 
volume={27}, 
number={10}, 
pages={929 -948}, 
keywords={code component coverage;cost-benefit analysis;experiments;regression testing;software fault correction;software fault detection rate;software testing;test case prioritization;test case scheduling;program debugging;program testing;}, 
doi={10.1109/32.962562}, 
ISSN={0098-5589},}

@INPROCEEDINGS{wong08,
author={Wong, W.E. and Tingting Wei and Yu Qi and Lei Zhao},
booktitle={International Conference on Software Testing, Verification, and Validation}, title={A Crosstab-based Statistical Method for Effective Fault Localization},
pages={42-51},
year={2008}
}

@inproceedings{enslen09,
 author = {Enslen, Eric and Hill, Emily and Pollock, Lori and Vijay-Shanker, K.},
 title = {Mining source code to automatically split identifiers for software analysis},
 booktitle = {Proceedings of International Working Conference on Mining Software Repositories},
 pages = {71--80},
 year = {2009}
} 

@article{biggerstaff94,
 author = {Biggerstaff, Ted J. and Mitbander, Bharat G. and Webster, Dallas E.},
 title = {Program understanding and the concept assignment problem},
 journal = {Commun. ACM},
 issue_date = {May 1994},
 volume = {37},
 number = {5},
 month = may,
 year = {1994},
 issn = {0001-0782},
 pages = {72--82},
 numpages = {11},
 url = {http://doi.acm.org/10.1145/175290.175300},
 doi = {10.1145/175290.175300},
 acmid = {175300},
 publisher = {ACM},
 address = {New York, NY, USA},
} 

@inproceedings{marcus04,
 author = {Marcus, Andrian and Sergeyev, Andrey and Rajlich, Vaclav and Maletic, Jonathan I.},
 title = {An Information Retrieval Approach to Concept Location in Source Code},
 booktitle = {Working Conference on Reverse Engineering},
 year = {2004},
} 

@article {li12,
author = {Li, Bixin and Sun, Xiaobing and Leung, Hareton and Zhang, Sai},
title = {A survey of code-based change impact analysis techniques},
journal = {Software Testing, Verification and Reliability},
publisher = {John Wiley & Sons, Ltd},
issn = {1099-1689},
url = {http://dx.doi.org/10.1002/stvr.1475},
doi = {10.1002/stvr.1475},
keywords = {change impact analysis, survey, source code, application},
year = {2012},
}

@inproceedings{collofello87,
	Author = {James S. Collofello and Larry Cousins},
	Booktitle = {AFIPS Proceedings of 1987 National Computer Conference},
	Date-Added = {2007-10-15 17:53:52 -0400},
	Date-Modified = {2007-10-15 18:00:18 -0400},
	Month = {June},
	Pages = {539-544},
	Title = {Towards automatic software fault location through decision-to-decision path analysis},
	Year = {1987}}

@INPROCEEDINGS{wilde92, 
author={Wilde, N. and Gomez, J.A. and Gust, T. and Strasburg, D.}, 
booktitle={Software Maintenance, 1992. Proceerdings., Conference on}, title={Locating user functionality in old code}, 
year={1992}, 
month={nov}, 
volume={}, 
number={}, 
pages={200--205}, 
keywords={ carefully designed test cases; old code; poorly documented system; requirements traceability; software maintainers; user functionality; software maintenance; user interfaces;}, 
doi={10.1109/ICSM.1992.242542}, 
ISSN={},}

@INPROCEEDINGS{eisenberg05, 
author={Eisenberg, A.D. and De Volder, K.}, 
booktitle={International Conference on Software Maintenance}, 
title={Dynamic feature traces: finding features in unfamiliar code}, 
year={2005}, 
}

@INPROCEEDINGS{beszedes07, 
author={Besz\'{e}des, \'{A}rp\'{a}d and Gergely, Tam\'{a}s and Farag\'{o}, Szabolcs and Gyim\'{o}thy, Tibor and Fischer, Ferenc}, 
booktitle={Software Maintenance and Reengineering, 2007. CSMR '07. 11th European Conference on}, title={The Dynamic Function Coupling Metric and Its Use in Software Evolution}, 
year={2007}, 
month={march}, 
volume={}, 
number={}, 
pages={103 -112}, 
keywords={change propagation;dynamic function coupling metric;dynamic impact analysis;regression testing;software evolution;software maintenance;program testing;software maintenance;software metrics;}, 
doi={10.1109/CSMR.2007.47}, 
ISSN={1534-5351},}

@inproceedings{dugerdil09,
 author = {Dugerdil, Philippe and Jossi, Sebastien},
 title = {Computing dynamic clusters},
 booktitle = {India software engineering conference},
 year = {2009},
} 

@inproceedings{ren07,
 author = {Ren, Xiaoxia and Ryder, Barbara G.},
 title = {Heuristic ranking of {J}ava program edits for fault localization},
 booktitle = {Proceedings of the 2007 international symposium on Software testing and analysis},
 year = {2007},
 isbn = {978-1-59593-734-6},
 location = {London, United Kingdom},
 numpages = {11},
 url = {http://doi.acm.org/10.1145/1273463.1273495},
 doi = {10.1145/1273463.1273495},
 acmid = {1273495},
 publisher = {ACM},
 keywords = {change impact analysis, debugging, fault localization, heuristic ranking, {J}ava, testing},
}

@article{jones08,
  title={Semi-automatic fault localization},
  author={Jones, James Arthur},
  year={2008},
  publisher={Georgia Institute of Technology}
}

@misc{jdepend,
	title={JDepend, http://clarkware.com/software/JDepend.html},
	url={http://clarkware.com/software/JDepend.html}
}

@misc{stan4j,
	title={Structure Analysis for {J}ava, stan4j, http://stan4j.com/},
	url={http://stan4j.com/}
}

@misc {d3js,
	title={D3.js: Data Driven Documents , http://d3js.org/},
	url={http://d3js.org/}
}

@misc {eclemma,
	title={EclEmma: {J}ava Code Coverge tool for Eclipse , http://www.eclemma.org/‎},
	url={www.eclemma.org/‎}
}

@misc {nanoxml,
	title={NanoXML, http://nanoxml.sourceforge.net/orig/},
	url={http://nanoxml.sourceforge.net/orig/}
}


@ARTICLE{sillito08, 
author={Sillito, J. and Murphy, G.C. and De Volder, K.}, 
journal={Software Engineering, IEEE Transactions on}, title={Asking and Answering Questions during a Programming Change Task}, 
year={2008}, 
month={july-aug. }, 
volume={34}, 
number={4}, 
pages={434 -451}, 
keywords={software maintenance;software tools;code base;programming change task;software evolution;software system;Enhancement;Programming Environments/Construction Tools;Software psychology;}, 
doi={10.1109/TSE.2008.26}, 
ISSN={0098-5589},}

@INPROCEEDINGS{erdos98, 
author={Erdos, K. and Sneed, H.M.}, 
booktitle={Program Comprehension, 1998. IWPC '98. Proceedings., 6th International Workshop on}, title={Partial comprehension of complex programs (enough to perform maintenance)}, 
year={1998}, 
month={jun}, 
volume={}, 
number={}, 
pages={98 -105}, 
keywords={Art;Banking;Business;Costs;Data structures;Insurance;Modems;Multidimensional systems;Programming profession;Software maintenance;data flow graphs;reverse engineering;software maintenance;complex programs;legacy programs;maintenance request;partial comprehension;}, 
doi={10.1109/WPC.1998.693322}, 
ISSN={1092-8138},}

@inproceedings{duala-ekoko12,
 author = {Duala-Ekoko, Ekwa and Robillard, Martin P.},
 title = {Asking and answering questions about unfamiliar APIs: an exploratory study},
 booktitle = {Proceedings of the 2012 International Conference on Software Engineering},
 series = {ICSE 2012},
 year = {2012},
 isbn = {978-1-4673-1067-3},
 location = {Zurich, Switzerland},
 pages = {266--276},
 numpages = {11},
 url = {http://dl.acm.org/citation.cfm?id=2337223.2337255},
 acmid = {2337255},
 publisher = {IEEE Press},
 address = {Piscataway, NJ, USA},
}

@inproceedings{zhang04,
 author = {Zhang, Xiangyu and Gupta, Rajiv},
 title = {Cost effective dynamic program slicing},
 booktitle = {Proceedings of the ACM SIGPLAN 2004 conference on Programming language design and implementation},
 series = {PLDI '04},
 year = {2004},
 isbn = {1-58113-807-5},
 location = {Washington DC, USA},
 pages = {94--106},
 numpages = {13},
 url = {http://doi.acm.org/10.1145/996841.996855},
 doi = {10.1145/996841.996855},
 acmid = {996855},
 publisher = {ACM},
 address = {New York, NY, USA},
 keywords = {debugging, dynamic dependence graph, testing},
} 


@INPROCEEDINGS{stasko96,
	author={Stasko, J.T. and Muthukumarasamy, Jeyakumar}, 
	booktitle={Visual Languages, 1996. Proceedings., IEEE Symposium on}, 
	title={Visualizing program executions on large data sets}, 
	year={1996}, 
	pages={166-173}, 
	doi={10.1109/VL.1996.545283}, 
	ISSN={1049-2615},
}

@ARTICLE{eick92, 
author={Eick, Stephen G. and Steffen, Joseph L. and Sumner,Jr., Eric E.}, 
journal={IEEE Transactions on Software Engineering}, 
title={Seesoft---A Tool for Visualizing Line Oriented Software Statistics}, 
year={1992}, 
volume={18}, 
number={11}}


@inproceedings{orso03,
 author = {Orso, Alessandro and Jones, James and Harrold, Mary Jean},
 title = {Visualization of program-execution data for deployed software},
 booktitle = {Proceedings of the 2003 ACM symposium on Software visualization},
 series = {SoftVis '03},
 year = {2003},
 isbn = {1-58113-642-0},
 location = {San Diego, California},
 pages = {67--ff},
 url = {http://doi.acm.org/10.1145/774833.774843},
 doi = {10.1145/774833.774843},
 acmid = {774843},
 publisher = {ACM},
 address = {New York, NY, USA},
 keywords = {Gamma technology, remote monitoring, software visualization},
} 

@inproceedings{trumper13,
 author = {Trümper, Jonas and Döllner, Jürgen and Telea, Alexandru},
 title = {Multiscale Visual Comparison of Execution Traces},
 booktitle = {Proceedings of the 2013 IEEE International Conference on Program Comprehension},
 series = {ICPC '13},
 year = {2013},
 location = {San Fransisco, California},
}

@inproceedings{pauw02,
 author = {Pauw, Wim De and Jensen, Erik and Mitchell, Nick and Sevitsky, Gary and Vlissides, John M. and Yang, Jeaha},
 title = {Visualizing the Execution of {J}ava Programs},
 booktitle = {Revised Lectures on Software Visualization, International Seminar},
 year = {2002},
 isbn = {3-540-43323-6},
 pages = {151--162},
 numpages = {12},
 url = {http://dl.acm.org/citation.cfm?id=647382.724791},
 acmid = {724791},
 publisher = {Springer-Verlag},
 address = {London, UK, UK},
} 

@inproceedings{pauw02abridged,
 author = {Pauw, Wim De and Jensen, Erik and Mitchell, Nick and Sevitsky, Gary and Vlissides, John M. and Yang, Jeaha},
 title = {Visualizing the Execution of {J}ava Programs},
 booktitle = {Revised Lectures on Software Visualization, International Seminar},
 year = {2002},
 pages = {151--162},
} 

@inproceedings{bruneton-aecs02,
 author = {E. Bruneton and R. Lenglet and T. Coupaye},
 title = {{ASM}: A code manipulation tool to implement adaptable systems},
 booktitle = {Adaptable and Extensible Component Systems},
 month = {November},
 year = {2002}
}

@inproceedings{cornelissen07,
 author = {Cornelissen, Bas and Holten, Danny and Zaidman, Andy and Moonen, Leon and van Wijk, Jarke J. and van Deursen, Arie},
 title = {Understanding Execution Traces Using Massive Sequence and Circular Bundle Views},
 booktitle = {Proceedings of the 15th IEEE International Conference on Program Comprehension},
 series = {ICPC '07},
 year = {2007},
 isbn = {0-7695-2860-0},
 pages = {49--58},
 numpages = {10},
 url = {http://dx.doi.org/10.1109/ICPC.2007.39},
 doi = {10.1109/ICPC.2007.39},
 acmid = {1271346},
 publisher = {IEEE Computer Society},
 address = {Washington, DC, USA},
} 

@inproceedings{cornelissen07abridged,
 author = {Cornelissen, Bas and Holten, Danny and Zaidman, Andy and Moonen, Leon and van Wijk, Jarke J. and van Deursen, Arie},
 title = {Understanding Execution Traces Using Massive Sequence and Circular Bundle Views},
 booktitle = {International Conference on Program Comprehension},
 year = {2007},
 pages = {49--58},
} 

@inproceedings{jerding97,
 author = {Jerding, Dean F. and Stasko, John T. and Ball, Thomas},
 title = {Visualizing interactions in program executions},
 booktitle = {Proceedings of the 19th International conference on Software engineering},
 series = {ICSE '97},
 year = {1997},
 isbn = {0-89791-914-9},
 location = {Boston, Massachusetts, USA},
 pages = {360--370},
 numpages = {11},
 url = {http://doi.acm.org/10.1145/253228.253356},
 doi = {10.1145/253228.253356},
 acmid = {253356},
 publisher = {ACM},
 address = {New York, NY, USA},
 keywords = {object-oriented software engineering, program understanding, reverse engineering, software visualization},
} 

@inproceedings{jerding97abridged,
 author = {Jerding, Dean F. and Stasko, John T. and Ball, Thomas},
 title = {Visualizing interactions in program executions},
 booktitle = {International Conference on Software engineering},
 year = {1997},
 pages = {360--370},
} 

@ARTICLE{jerding98, 
author={Jerding, D.F. and Stasko, J.T.}, 
journal={Visualization and Computer Graphics, IEEE Transactions on}, 
title={The Information Mural: a technique for displaying and navigating large information spaces}, 
year={1998}, 
volume={4}, 
number={3}, 
pages={257-271}, 
keywords={antialiasing;colour graphics;data visualisation;information retrieval;user interfaces;Information Mural;antialiased compression;color;geographic information;gray-scale shading;information bandwidth;information space browsing;information visualization;large information space navigation;pixels;scientific data;search task;text documents;two-dimensional reduced representation;Application software;Bandwidth;Computer displays;Data visualization;Focusing;Large screen displays;Navigation;Software prototyping;Space technology;Two dimensional displays}, 
doi={10.1109/2945.722299}, 
ISSN={1077-2626},}

@inproceedings{dietrich08,
 author = {Dietrich, Jens and Yakovlev, Vyacheslav and McCartin, Catherine and Jenson, Graham and Duchrow, Manfred},
 title = {Cluster analysis of {J}ava dependency graphs},
 booktitle = {Proceedings of the 4th ACM symposium on Software visualization},
 series = {SoftVis '08},
 year = {2008},
 isbn = {978-1-60558-112-5},
 location = {Ammersee, Germany},
 pages = {91--94},
 numpages = {4},
 url = {http://doi.acm.org/10.1145/1409720.1409735},
 doi = {10.1145/1409720.1409735},
 acmid = {1409735},
 publisher = {ACM},
 address = {New York, NY, USA},
 keywords = {anti-pattern detection, cluster analysis, dependency analysis, refactoring},
}

@inproceedings{dietrich08abridged,
 author = {Dietrich, Jens and Yakovlev, Vyacheslav and McCartin, Catherine and Jenson, Graham and Duchrow, Manfred},
 title = {Cluster analysis of {J}ava dependency graphs},
 booktitle = {Symposium on Software Visualization},
 year = {2008},
 pages = {91--94},
}

@INPROCEEDINGS{krinke04, 
author={Krinke, J.}, 
booktitle={Software Maintenance, 2004. Proceedings. 20th IEEE International Conference on}, 
title={Visualization of program dependence and slices}, 
year={2004}, 
pages={168-177}, 
keywords={program slicing;program visualisation;arbitrary node sets;fine-grained visualization;program dependence graph;program slices;program visualization;source code;Application software;Area measurement;Data flow computing;Iterative methods;Layout;Software maintenance;Software measurement;Software testing;Technological innovation;Visualization}, 
doi={10.1109/ICSM.2004.1357801}, 
ISSN={1063-6773},} 

@inproceedings{wurthinger08,
 author = {W\"{u}rthinger, Thomas and Wimmer, Christian and M\"{o}ssenb\"{o}ck, Hanspeter},
 title = {Visualization of program dependence graphs},
 booktitle = {Proceedings of the Joint European Conferences on Theory and Practice of Software 17th international conference on Compiler construction},
 series = {CC'08/ETAPS'08},
 year = {2008},
 isbn = {3-540-78790-9, 978-3-540-78790-7},
 location = {Budapest, Hungary},
 pages = {193--196},
 numpages = {4},
 url = {http://dl.acm.org/citation.cfm?id=1788374.1788391},
 acmid = {1788391},
 publisher = {Springer-Verlag},
 address = {Berlin, Heidelberg},
} 

@inproceedings{ palepu13sep, 
author = "Vijay Krishna Palepu and James A. Jones",
title = "Visualizing Constituent Behaviors within Executions",
booktitle = "1st IEEE Working Conference on Software Visualization, New Ideas and Emerging Results Track (VISSOFT-NIER)",
year = "2013",
month = "September",
pages = "1--4",
}

@inproceedings{palepu2015revealing,
  title={Revealing runtime features and constituent behaviors within software},
  author={Palepu, Vijay Krishna and Jones, James A},
  booktitle={Software Visualization (VISSOFT), 2015 IEEE 3rd Working Conference on},
  pages={86--95},
  year={2015},
  organization={IEEE}
}

@ARTICLE{ graner13,
AUTHOR={Graner, John L  and  Oakes, Terrence R  and  French, Louis M  and  Riedy, Gerard},   
TITLE={Functional MRI in the investigation of blast-related traumatic brain injury},      
JOURNAL={Frontiers in Neurology},      
VOLUME={4},      
YEAR={2013},      
NUMBER={16}
}

@article{ limb08,
author = {Limb, CJ and Braun, AR},
year = {2008},
title = {Neural Substrates of Spontaneous Musical Performance: An fMRI Study of Jazz Improvisation},
journal = {PLoS ONE},
volume = {3},
number = {2}
}

@article{ wirth71,
 author = {Wirth, Niklaus},
 title = {Program Development by Stepwise Refinement},
 journal = {Communications of the ACM},
 volume = {14},
 number = {4},
 month = apr,
 year = {1971},
 pages = {221--227},
 numpages = {7}
} 

@book{ booch04,
 author = {Booch, Grady},
 title = {Object-Oriented Analysis and Design with Applications (3rd Edition)},
 year = {2004},
 isbn = {020189551X},
 publisher = {Addison Wesley Longman Publishing Co., Inc.},
 address = {Redwood City, CA, USA}
} 

@article{haxby01,
  title={Distributed and overlapping representations of faces and objects in ventral temporal cortex},
  author={Haxby, James V and Gobbini, M Ida and Furey, Maura L and Ishai, Alumit and Schouten, Jennifer L and Pietrini, Pietro},
  journal={Science},
  volume={293},
  number={5539},
  pages={2425--2430},
  year={2001},
  publisher={American Association for the Advancement of Science}
}
